@BOOK{junior2019,
	title = {Introdução a Sistemas de Supervisão, Controle e Aquisição de Dados: SCADA},
	author = {Junior, Ervaldo Garcia},
	year = {2019},
	publisher = {Alta Books}
}

@BOOK{katsuhiro2010,
	author = {Katsuhiro, Ogata},
	title = {Engenharia de Controle Moderno},
	year = {2010},
	OPTeditor = {Pearson Education},
	OPTedition = {5ª Edição}
}

@thesis{Moraes2016,
	author = {Moraes, Arthur Souza},
	title = {Desenvolvimento de sistema supervisório didático para controle de inversor de frequência acionando motor de indução trifásico},
	type = {Trabalho de conclusão de curso},
	institution = {Faculdades Integradas de Caratinga},
	date = {12/12/2016},
	year = {2016},
	OPTlocation = {Caratinga}
}

@online{Elipse2019,
	ALTauthor = {Elipse Software},
	title = {Elipse Knowledge Base},
	date = {25/03/2019},
	year = {2019},
	url = {https://kb.elipse.com.br/kb29583-utilizando-o-e3studio-em-modo-demo/},
	OPTurldate = {01/12/2020}
}


@online{Lourenco2007,
	author = {Lourenço, João},
	title = {Sintonia de Controladores},
	year = {1997},
	url = {http://ltodi.est.ips.pt/smarques/CS/Pid.pdf},
	OPTnote = {Acesso em 30/11/2020},
	OPTorganization = {Escola Superior de Tecnologia},
	OPTurldate = {30/11/2020}
}

@INPROCEEDINGS{argentim2013,
	author={L. M. {Argentim} and W. C. {Rezende} and P. E. {Santos} and R. A. {Aguiar}},
	booktitle={2013 International Conference on Informatics, Electronics and Vision (ICIEV)},
	title={PID, LQR and LQR-PID on a quadcopter platform},
	year={2013},
	pages={1-6}, 
	doi={10.1109/ICIEV.2013.6572698}
}

@misc{lqr2019,
	author = {python-control},
	url = {https://python-control.readthedocs.io/en/0.8.1/generated/control.lqr.html},
	year = {2019}
}

@inproceedings{silva2013,
	author = {Silva, Marlon Ramos and de Oliveira, Ângelo Rocha and do Carmo, Marlon José and Junior, Lindolpho Oliveira de Araújo},
	title = {Importância da ferramenta SCADABR para o ensino em engenharia},
	year = {2013},
	OPTeventtitle = {COBENGE},
	OPTvenue = {Centro Federal de Educação Tecnológica de Minas Gerais, Campus Leopoldina},
	OPTurl = {https://docplayer.com.br/13624003-Importancia-da-ferramenta-scadabr-para-o-ensino-em-engenharia.html},
	OPTurldate = {26/11/2020}
}

@report{Martins2007,
	author = {Martins, Geomar Machado},
	title = {Princípios de Automação Industrial},
	institution = {Universidade Federal de Santa Maria},
	date = {Agosta de 2007},
	year ={2007}
}

@report{Roggia2016,
	author = {Roggia, Leandro and Fuentes, Rodrigo Cardozo},
	title = {Automação Industrial},
	type = {Apostila},
	institution = {Colégio Técnico Industrial de Santa Maria},
	date = {Maio de 2016},
	OPTurl = {https://www.ufsm.br/unidades-universitarias/ctism/cte/wp-content/uploads/sites/413/2018/12/06_automacao_industrial.pdf},
	OPTurldate = {26 de Novembro de 2020},
	year = {2016}
}

@book{Bolton2015,
	author = {Bolton, W.},
	title = {Programable Logic Controllers},
	year = {2015},
	OPTeditor = {Elsevier},
	OPTeditora = {Newnes},
	OPTedition = {6ª Edição}
}


@inreference{Denver1995,
	author = {Denver, Allen},
	title = {Serial Communication in Win32},
	date = {11/12/1995},
	year = {1995},
	OPTurl = {http://www.tetraedre.com/advanced/serial/msdn_serial.htm},
	OPTurldate = {30/11/2020}
}

@online{ArduinoSerial,
	ALTauthor = {Arduino},
	title = {Arduino Serial Function Reference},
	date = {26/06/2019},
	year = {2019}
	url = {https://www.arduino.cc/reference/en/language/functions/communication/serial/},
	OPTurldate = {01/12/2020}
}

@book{Mazidi2016,
	author = {Mazidi, Ali M. and Mckinlay, Rolin D. and Causey, Danny},
	title = {PIC Microcontroller and Embedded Systems: Using Assembly and C for PIC18},
	date = {Agosto de 2008},
	OPTeditor = {MicroDigitalEd},
	year = {2008}
}


@thesis{Moraes2016,
	author = {Souza de Moraes, Arthur},
	title = {Desenvolvimento de Sistema Supervisório Didático para Controle de Inversor de Frequência acionando Motor de Indução Trifásico},
	type = {Trabalho de Conclusão de Curso Superior de Engenharia Elétrica},
	institution = {Faculdades Integradas de Caratinga},
	date = {2016},
	OPTpagetotal = {62}
}

% Na realidade foi uma entrevista com o criador da linguagem
@article{Rossum2003,
	author = {Guido van Rossum},
	title = {The making of Python},
	journaltitle = {Artima},
	date = {13/01/2003},
	OPTannotator = {Bill Venners},
	OPTsubtitle = {A conversation with Guido van Rossum, Part I},
	OPTurl = {https://www.artima.com/intv/python.html},
	OPTurldate = {01/12/2020}
}

@online{QT2020,
	author = {Riverbank Computing Limited},
	year = {2020},
	title = {Documentation for PyQt},
	url = {https://pypi.org/project/PyQt5/},
	urldate = {01012/2020} 
}

@online{controlpy2016,
	author = {Mueller, Mark W.},
	title = {controlpy},
	year = {2016},
	url = {https://github.com/markwmuller/controlpy},
	OPTurldate = {30/11/2020}
}
