@inproceedings{argentim2013,
abstract = {This paper aims to present a comparison between different controllers to be used in a dynamic model of a quadcopter platform. The controllers assumed in this work are an ITAE tuned PID, a classic LQR controller and a PID tuned with a LQR loop. The results were obtained through simulations for 10 different attitudes of the quadcopter, however, in this paper simulation results will be presented for the vertical attitude only (the remainder are analogous and were omitted for brevity). {\textcopyright} 2013 IEEE.},
author = {Argentim, Lucas M. and Rezende, Willian C. and Santos, Paulo E. and Aguiar, Renato A.},
booktitle = {2013 International Conference on Informatics, Electronics and Vision, ICIEV 2013},
doi = {10.1109/ICIEV.2013.6572698},
isbn = {9781479903979},
pages = {1--6},
title = {{PID, LQR and LQR-PID on a quadcopter platform}},
year = {2013}
}
@article{hespanha2007,
	author = {Hespanha, João P.},
	title = {Undergraduate lecture notes on LQG/LQR controller design},
	date = {01 de Abr. de 2007},
	year = {2007}
}
@online {SCADAimg1,
	author = {AGAAD},
	title = {SCADA System},
	year = {2020, Acesso em 09 de dez. de 2020},
	url = {https://www.agaads.com/service/scada-system/},
	urldate = {09/12/2020}
}
@article {PiramideImg,
	author = {Silva, Debora},
	title = {Pirâmide de Automação Industrial},
	organization = {Logique},
	date = {12/07/2017},
	year = {2017, Acesso em 09 de dez. de 2020},
	url = {https://www.logiquesistemas.com.br/blog/piramide-de-automacao-industrial/attachment/354/},
	urldate = {09/12/2020}
}
@online {SerialImg,
	author = {Shreeharsha, Perla},
	title = {Parallel Port Programming (Part 1) with C},
	year = {2007, Acesso em 09 de dez. de 2020},
	url = {http://electrosofts.com/parallel/},
	urldate = {09/12/2020}
}
@misc{StackOverflow2019,
abstract = {This year, nearly 90,000 developers told us how they learn and level up, which tools they're using, and what they want.},
author = {Stack Overflow},
title = {Developer Survey Results 2011-2019},
url = {https://insights.stackoverflow.com/survey},
year = {2019}
}
@online{controlpy2016,
author = {Mueller, Mark W},
title = {controlpy},
url = {https://github.com/markwmuller/controlpy},
year = {2016}
}
@book{Bolton2015,
author = {Bolton, W},
publisher = {Elsevier},
title = {{Programable Logic Controllers}},
year = {2015}
}
@article{pyqtdoc,
author = {PyQT},
keywords = {development gui nocache prio:2 programming pyqt py},
title = {{PyQt Reference Guide}},
url = {https://www.riverbankcomputing.com/static/Docs/PyQt5/},
year = {2020}
}
@article{pyserial,
author = {Liechti, Chris},
title = {{pySerial 3.0 Documentation}},
url = {https://pythonhosted.org/pyserial/{\#}},
year = {2020}
}
@article{threads,
	author = {Cooper, Eric C. and Draves, Richard P.},
	title = {C Threads},
	date = {June 1988},
	institution = {Defense Advanced Research Projects Agency},
	year = {1988}
}
@online{QT2020,
author = {{Riverbank Computing Limited}},
title = {{Documentation for PyQt}},
url = {https://pypi.org/project/PyQt5/},
year = {2020}
}
@online{MathWorks,
	author = {MathWorks},
	title = {New Licence for Matlab Student 2020b},
	url = {https://www.mathworks.com/store/link/products/student/new},
	urldate = {08/12/2020},
	year = {2020, Acesso em 08 de dez. de 2020}
}
@online{SHMR,
	author = {{SHM Automação}},
	title = {Comprar software em SHM Automação},
	url = {https://www.shmr.com.br/software1/},
	urldate = {08/12/2020},
	year = {2020, Acesso em 08 de dez. de 2020}
}
@unpublished{santana2019,
author = {Santana, Daniel Diniz},
title = {{Notas de aula}},
year = {2019}
}
@book{junior2019,
author = {Garcia, E},
isbn = {9788550809175},
publisher = {Alta Books},
title = {{Introdu{\c{c}}{\~{a}}o a Sistemas de Supervis{\~{a}}o, Controle e Aquisi{\c{c}}{\~{a}}o de Dados: SCADA}},
url = {https://books.google.com.br/books?id=vgOcDwAAQBAJ},
year = {2019}
}
@online{ArduinoSerial,
author = {Arduino},
title = {{Arduino Serial Function Reference}},
url = {https://www.arduino.cc/reference/en/language/functions/communication/serial/},
year = {2019, Acesso em 08 de dez. de 2020}
}
@online{Elipse2019,
author = {{Elipse Software}},
title = {{Elipse Knowledge Base}},
url = {https://kb.elipse.com.br/kb29583-utilizando-o-e3studio-em-modo-demo/},
year = {2019, Acesso em 01 de dez. de 2020}
}
@online{Lourenco2007,
author = {Barros, P{\'{e}}ricles Rezende},
institution = {Escola Superior de Tecnologia},
pages = {1--22},
title = {{Sintonia de Controladores PID Introdu{\c{c}}{\~{a}}o}},
url = {http://ltodi.est.ips.pt/smarques/CS/Pid.pdf},
year = {2007}
}
@book{Lathi2007,
author = {Lathi, B P},
publisher = {Bookman},
title = {{Sinais e sistemas lineares}},
year = {2007}
}
@book{Mazidi2016,
author = {Mazidi, Muhammad Ali and Causey, Danny},
isbn = {9780136072294},
keywords = {Programmable controllers},
pages = {752},
title = {{HCS12 Microcontroller and Embedded Systems Using Assembly and C with CodeWarrior}},
year = {2009}
}
@article{hunter2007matplotlib,
author = {Hunter, John D},
journal = {Computing in science {\&} engineering},
number = {3},
pages = {90--95},
publisher = {IEEE},
title = {{Matplotlib: A 2D graphics environment}},
volume = {9},
year = {2007}
}
@article{harris2020array,
author = {Harris, Charles R and Millman, K Jarrod and van der Walt, St'efan J and Gommers, Ralf and Virtanen, Pauli and Cournapeau, David and Wieser, Eric and Taylor, Julian and Berg, Sebastian and Smith, Nathaniel J and Kern, Robert and Picus, Matti and Hoyer, Stephan and van Kerkwijk, Marten H and Brett, Matthew and Haldane, Allan and del R'io, Jaime Fern'andez and Wiebe, Mark and Peterson, Pearu and G'erard-Marchant, Pierre and Sheppard, Kevin and Reddy, Tyler and Weckesser, Warren and Abbasi, Hameer and Gohlke, Christoph and Oliphant, Travis E},
doi = {10.1038/s41586-020-2649-2},
journal = {Nature},
number = {7825},
pages = {357--362},
publisher = {Springer Science and Business Media {\{}LLC{\}}},
title = {{Array programming with {\{}NumPy{\}}}},
url = {https://doi.org/10.1038/s41586-020-2649-2},
volume = {585},
year = {2020}
}
@report{Roggia2016,
author = {Roggia, Leandro and Fuentes, Rodrigo Cardozo},
institution = {Col{\'{e}}gio T{\'{e}}cnico Industrial de Santa Maria},
title = {{Automa{\c{c}}{\~{a}}o Industrial}},
type = {Apostila},
year = {2016}
}
@report{Martins2007,
author = {Martins, Geomar Machado},
institution = {Universidade Federal de Santa Maria},
title = {{Princ{\'{i}}pios de Automa{\c{c}}{\~{a}}o Industrial}},
year = {2007}
}
@online{Overflow2019,
author = {StackOverflow},
title = {Developer survey results},
url = {https://insights.stackoverflow.com/survey/2019},
year = {2019}
}
@inproceedings{silva2013,
author = {Silva, Marlon Ramos and de Oliveira, {\^{A}}ngelo Rocha and do Carmo, Marlon Jos{\'{e}} and Junior, Lindolpho Oliveira de Ara{\'{u}}jo},
booktitle = {XLI Congresso Brasileiro de Educa{\c{c}}{\~{a}}o em Engenharia (COBENGE) - Educa{\c{c}}{\~{a}}o na Era do Conhecimento},
title = {{Import{\^{a}}ncia da ferramenta ScadaBR para o Ensino em Engenharia}},
year = {2013}
}
@thesis{Moraes2016,
author = {Moraes, Arthur Souza},
institution = {Faculdades Integradas de Caratinga},
title = {{Desenvolvimento de sistema supervis{\'{o}}rio did{\'{a}}tico para controle de inversor de frequ{\^{e}}ncia acionando motor de indu{\c{c}}{\~{a}}o trif{\'{a}}sico}},
type = {Trabalho de conclus{\~{a}}o de curso},
year = {2016}
}
@article{ZDNet,
	author = {Tung, Liam},
	title = {Programming languages: Python rules as Java declines},
	journaltitle = {ZDNet},
	date = {04/12/2020},
	year = {2020, Acesso em 08 de dez. de 2020},
	url = {https://www.zdnet.com/article/programming-languages-python-rules-rust-and-julia-rise-as-java-declines/},
	urldate = {08/12/2020}
}

@article{pyqtchart,
author = {{Riverbank Computing Limited}},
title = {{PyQtChart Documentation}},
url = {https://pypi.org/project/PyQtChart/},
year = {2020}
}
@book{katsuhiro2010,
abstract = {A comprehensive introduction to control system analysis for mechanical and electrical engineers. Praised for its clarity of writing, the new edition has been totally revamped with an eye toward practical application, and includes a section on the use of MATLAB, and more case studies. Control Engineering contains three new chapters - on control system hardware, discrete time systems, and microprocessor based control - and the chapter on z-transform has been rewritten.},
author = {Ogata, Katsuhiko},
booktitle = {Control Engineering},
isbn = {9788576058106},
pages = {912},
title = {{Engenharia de Controle Moderno}},
year = {2010}
}
@misc{lqr2019,
author = {Python-control},
title = {python-control documentation},
url = {https://python-control.readthedocs.io/en/0.8.1/generated/control.lqr.html},
year = {2019}
}
@manual{Siemens1999,
author = {Siemens},
title = {{SIMATIC HMI WinCC Manual}},
year = {1999}
}
@book{corripio2006,
author = {Smith, Carlos A and Corripio, Armando},
publisher = {LTC},
title = {{Princ{\'{i}}pios e pr{\'{a}}tica do contrle autom{\'{a}}tico de processos}},
year = {2006}
}
@inreference{Denver1995,
author = {Denver, Allen},
title = {{Serial Communication in Win32}},
year = {1995}
}
@article{Rossum2003,
	author = {Guido van Rossum},
	title = {The making of Python},
	journaltitle = {Artima},
	date = {13/01/2003},
	url = {https://www.artima.com/intv/python.html},
	urldate = {08/12/2020},
	year = {2003, Acesso em 08 de dez. de 2020}
}
@article{pythoncontrol,
author = {Python-control},
title = {{Python Control Systems Library}},
url = {https://python-control.readthedocs.io/en/0.8.3/},
year = {2019}
}
@manual{Elipse2012,
author = {{Elipse Software}},
title = {{Manual do Usu{\'{a}}rio do E3}},
year = {2010}
}
@thesis{Moraes2016,
author = {de Moraes, Arthur},
institution = {Faculdades Integradas de Caratinga},
title = {{Desenvolvimento de Sistema Supervis{\'{o}}rio Did{\'{a}}tico para Controle de Inversor de Frequ{\^{e}}ncia acionando Motor de Indu{\c{c}}{\~{a}}o Trif{\'{a}}sico}},
type = {Trabalho de Conclus{\~{a}}o de Curso Superior de Engenharia El{\'{e}}trica}
}
@incollection{sqlalchemy,
author = {Bayer, Michael},
booktitle = {The Architecture of Open Source Applications Volume II: Structure, Scale, and a Few More Fearless Hacks},
editor = {Brown, Amy and Wilson, Greg},
publisher = {aosabook.org},
title = {{SQLAlchemy}},
url = {http://aosabook.org/en/sqlalchemy.html},
year = {2012}
}
