@BOOK{junior2019,
	title = {Introdução a Sistemas de Supervisão, Controle e Aquisição de Dados: SCADA},
	author = {Júnior, Ervaldo Garcia},
	year = {2019},
	publisher = {Alta Books}
}

@unpublished{santana2019,
	author = {Santana, Daniel Diniz},
	title = {Notas de aula},
	year = {2019}
}


@BOOK{katsuhiro2010,
	author = {Ogata, Katsuhiro},
	title = {Engenharia de Controle Moderno},
	year = {2010},
}

@MANUAL{Siemens1999,
	author = {Siemens},
	title = {SIMATIC HMI WinCC Manual},
	year = {1999}
}

@BOOK{Lathi2007,
	title = {Sinais e sistemas lineares},
	author = {Lathi, B. P.},
	publisher = {Bookman},
	year = {2007}
}

@BOOK{corripio2006,
	title = {Princípios e prática do contrle automático de processos},
	author = {Smith, Carlos A. and Corripio, Armando},
	publisher = {LTC},
	year = {2006}
}

@MANUAL{Elipse2012,
	author = {Elipse, Software}
	title = {Manual do Usuário do E3},
	year = {2012}
}

@THESIS{Moraes2016,
	author = {Moraes, Arthur Souza},
	title = {Desenvolvimento de sistema supervisório didático para controle de inversor de frequência acionando motor de indução trifásico},
	type = {Trabalho de conclusão de curso},
	institution = {Faculdades Integradas de Caratinga},
	date = {12/12/2016},
	year = {2016},
}

@ONLINE{Elipse2019,
	title = {Elipse Knowledge Base},
	date = {25/03/2019},
	year = {2019},
	url = {https://kb.elipse.com.br/kb29583-utilizando-o-e3studio-em-modo-demo/},
}


@ONLINE{Lourenco2007,
	author = {Lourenço, João},
	title = {Sintonia de Controladores},
	year = {1997},
	url = {http://ltodi.est.ips.pt/smarques/CS/Pid.pdf},
}

@INPROCEEDINGS{argentim2013,
	author={L. M. {Argentim} and W. C. {Rezende} and P. E. {Santos} and R. A. {Aguiar}},
	booktitle={2013 International Conference on Informatics, Electronics and Vision (ICIEV)},
	title={PID, LQR and LQR-PID on a quadcopter platform},
	year={2013},
	pages={1-6}, 
	doi={10.1109/ICIEV.2013.6572698}
}

@misc{lqr2019,
	author = {python-control},
	url = {https://python-control.readthedocs.io/en/0.8.1/generated/control.lqr.html},
	year = {2019}
}

@inproceedings{silva2013,
	author = {Silva, Marlon Ramos and de Oliveira, Ângelo Rocha and do Carmo, Marlon José and Junior, Lindolpho Oliveira de Araújo},
	title = {Importância da ferramenta SCADABR para o ensino em engenharia},
	year = {2013},
}

@online{Overflow2019,
	title = {Developer Survey Results 2019},
	url = {https://insights.stackoverflow.com/survey/2019},
}

@incollection{sqlalchemy,
	place={Mountain View},
	title={SQLAlchemy},
	booktitle={The Architecture of Open Source Applications Volume II: Structure, Scale, and a Few More Fearless Hacks},
	publisher={aosabook.org},
	url="http://aosabook.org/en/sqlalchemy.html",
	author={Bayer, Michael},
	editor={Brown, Amy and Wilson, Greg},
	year={2012}
}

@article{pyserial,
	author = {Chris Liechti},
	title = {pySerial 3.0 Documentation},
	url = {https://pythonhosted.org/pyserial/#},
	urldate = {03/12/2020},
	year = 2020
}

@article{pyqtchart,
	author = {Riverbank COmputing Limited},
	title = {PyQtChart Documentation},
	url = {https://pypi.org/project/PyQtChart/},
	urldate = {03/12/2020},
	year = 2020
}

@article{pythoncontrol,
	author = {python-control},
	title = {Python Control Systems Library},
	url = {https://python-control.readthedocs.io/en/0.8.3/},
	urldate = {03/12/2020},
	year = 2019
}

@article{pyqtdoc,
	author = {PyQT},
	keywords = {development gui nocache prio:2 programming pyqt python qt richterm_ma},
	title = {PyQt Reference Guide},
	url = {https://www.riverbankcomputing.com/static/Docs/PyQt5/},
	urldate = {03/12/2020},
	year = 2020
}

@article{hunter2007matplotlib,
	title={Matplotlib: A 2D graphics environment},
	author={Hunter, John D},
	journal={Computing in science \& engineering},
	volume={9},
	number={3},
	pages={90--95},
	year={2007},
	publisher={IEEE}
}

@Article{harris2020array,
	title         = {Array programming with {NumPy}},
	author        = {Charles R. Harris and K. Jarrod Millman and St{'{e}}fan J.
	van der Walt and Ralf Gommers and Pauli Virtanen and David
	Cournapeau and Eric Wieser and Julian Taylor and Sebastian
	Berg and Nathaniel J. Smith and Robert Kern and Matti Picus
	and Stephan Hoyer and Marten H. van Kerkwijk and Matthew
	Brett and Allan Haldane and Jaime Fern{'{a}}ndez del
	R{'{\i}}o and Mark Wiebe and Pearu Peterson and Pierre
	G{'{e}}rard-Marchant and Kevin Sheppard and Tyler Reddy and
	Warren Weckesser and Hameer Abbasi and Christoph Gohlke and
	Travis E. Oliphant},
	year          = {2020},
	month         = {setembro},
	journal       = {Nature},
	volume        = {585},
	number        = {7825},
	pages         = {357--362},
	doi           = {10.1038/s41586-020-2649-2},
	publisher     = {Springer Science and Business Media {LLC}},
	url           = {https://doi.org/10.1038/s41586-020-2649-2}
}

@report{Martins2007,
	author = {Martins, Geomar Machado},
	title = {Princípios de Automação Industrial},
	institution = {Universidade Federal de Santa Maria},
	date = {Agosta de 2007},
	year ={2007}
}

@report{Roggia2016,
	author = {Roggia, Leandro and Fuentes, Rodrigo Cardozo},
	title = {Automação Industrial},
	type = {Apostila},
	institution = {Colégio Técnico Industrial de Santa Maria},
	date = {Maio de 2016},
	year = {2016}
}

@book{Bolton2015,
	author = {Bolton, W.},
	title = {Programable Logic Controllers},
	year = {2015},
}


@inreference{Denver1995,
	author = {Denver, Allen},
	title = {Serial Communication in Win32},
	date = {11/12/1995},
	year = {1995},
}

@online{ArduinoSerial,
	title = {Arduino Serial Function Reference},
	date = {26/06/2019},
	year = {2019}
	url = {https://www.arduino.cc/reference/en/language/functions/communication/serial/},
}

@book{Mazidi2016,
	author = {Mazidi, Ali M. and Mckinlay, Rolin D. and Causey, Danny},
	title = {PIC Microcontroller and Embedded Systems: Using Assembly and C for PIC18},
	date = {Agosto de 2008},
	year = {2008}
}


@thesis{Moraes2016,
	author = {Souza de Moraes, Arthur},
	title = {Desenvolvimento de Sistema Supervisório Didático para Controle de Inversor de Frequência acionando Motor de Indução Trifásico},
	type = {Trabalho de Conclusão de Curso Superior de Engenharia Elétrica},
	institution = {Faculdades Integradas de Caratinga},
	date = {2016},
}

% Na realidade foi uma entrevista com o criador da linguagem
@article{Rossum2003,
	author = {Guido van Rossum},
	title = {The making of Python},
	journaltitle = {Artima},
	date = {13/01/2003},
	year = {2003}
}

@online{QT2020,
	author = {Riverbank Computing Limited},
	year = {2020},
	title = {Documentation for PyQt},
	url = {https://pypi.org/project/PyQt5/},
	urldate = {01012/2020} 
}

@online{controlpy2016,
	author = {Mueller, Mark W.},
	title = {controlpy},
	year = {2016},
	url = {https://github.com/markwmuller/controlpy},
}
